<?xml version="1.0" encoding="UTF-8"?><collection xmlns="http://www.loc.gov/MARC21/slim"><record><leader>00438nam--2200157-i-4500</leader><controlfield tag="001">000018606</controlfield><controlfield tag="002">20161230</controlfield><controlfield tag="005">20170103234656</controlfield><controlfield tag="008">060222s1000------------r-----000-0-eng-d</controlfield><datafield ind1=" " ind2=" " tag="100"><subfield code="a">Dobesch, Heinz</subfield></datafield><datafield ind1=" " ind2=" " tag="245"><subfield code="a">Zeitfunktionen. Theorie und anwendung</subfield></datafield><datafield ind1=" " ind2=" " tag="260"><subfield code="a">Berlin</subfield><subfield code="b">Veb Verlag Technik</subfield><subfield code="c">1961</subfield></datafield><datafield ind1=" " ind2=" " tag="300"><subfield code="a">VIII + 194 p</subfield></datafield><datafield ind1=" " ind2=" " tag="490"><subfield code="a">Theoretische Grundlagen Der Technischen Kybernetik</subfield></datafield><datafield ind1=" " ind2=" " tag="852"><subfield code="a">9040</subfield></datafield><datafield ind1=" " ind2=" " tag="CAT"><subfield code="a">SYS</subfield><subfield code="c">20170103</subfield><subfield code="h">234656</subfield></datafield></record></collection>